@book{2007Complex,
  title={Complex analysis},
  author={ Stein, E. M.  and  Shakarchi, R. },
  publisher={Complex analysis},
  year={2007},
}